@inproceedings{sbehere16t,
    author    = {S. Behere, M. TÃ¶rngren},
    title     = {A functional reference architecture for autonomous driving},
    booktitle = {Inf Softw Technol, 73},
    year      = {2016},
    pages     = {136-150}
}

@article{prati03shadow,
    author  = {Prati, A. and Mikic, I. and Trivedi, M.M. and Cucchiara, R.},
    journal = {IEEE Transactions on Pattern Analysis and Machine
                Intelligence (PAMI)}, 
    title   = {Detecting moving shadows: algorithms and evaluation},
    year    = {2003},
    volume  = {25},
    number  = {7},
    pages   = {918--923},
    url     = {http://cvrr.ucsd.edu/aton/shadow/},
}

@misc{coordinatesystem,
	author = {Wikipedia},
	title = {Geographic coordinate system},
	url = {https://en.wikipedia.org/wiki/Geographic_coordinate_system},
}

@misc{rosrefframes,
	author = {Wim Meeussen},
	title = {Coordinate Frames for Mobile Platforms},
	url = {http://www.ros.org/reps/rep-0105.html},
	year = 2010,
}

@article{slamp1, 
	author={H. {Durrant-Whyte} and T. {Bailey}}, 
	journal={IEEE Robotics Automation Magazine}, 
	title={Simultaneous localization and mapping: part I}, 
	year={2006}, 
	volume={13}, 
	number={2}, 
	pages={99-110}, 
	keywords={mobile robots;path planning;simultaneous localization and mapping problem;mobile robots;SLAM problem;Simultaneous localization and mapping;Mobile robots;Robotics and automation;History;Artificial intelligence;Navigation;Vehicles;Buildings;Bayesian methods;Particle filters}, 
	doi={10.1109/MRA.2006.1638022}, 
	ISSN={1070-9932}, 
	month={June},
}
